<?xml version="1.0" encoding="UTF-8"?><record xmlns="http://www.loc.gov/MARC21/slim" xmlns:cinclude="http://apache.org/cocoon/include/1.0" xmlns:zs="http://www.loc.gov/zing/srw/">
  <leader>00418nz  a2200121n  4500</leader>
  <controlfield tag="001">n  86850163 </controlfield>
  <controlfield tag="003">DLC</controlfield>
  <controlfield tag="005">19860905143914.5</controlfield>
  <controlfield tag="008">860905n| acannaab|          |n aad |||  </controlfield>
  <datafield tag="010" ind1=" " ind2=" ">
    <subfield code="a">n  86850163 </subfield>
  </datafield>
  <datafield tag="040" ind1=" " ind2=" ">
    <subfield code="a">DLC</subfield>
    <subfield code="c">DLC</subfield>
    <subfield code="d">DLC</subfield>
  </datafield>
  <datafield tag="100" ind1="1" ind2="0">
    <subfield code="a">Thomas, Sarah Castle,</subfield>
    <subfield code="d">1909-</subfield>
  </datafield>
  <datafield tag="670" ind1=" " ind2=" ">
    <subfield code="a">nuc86-81324: Her An inquiry into the effectivenss ... [MI] 1969</subfield>
    <subfield code="b">(hdg. on TxU rept.: Thomas, Sarah Smith Castle, 1909- ; usage: Sarah Castle Thomas)</subfield>
  </datafield>
</record>